% This file was created with JabRef 2.5.
% Encoding: UTF-8

@INBOOK{Brandt1998,
  pages = {622--636},
  title = {Goodness as the Satisfaction of Informed Desire},
  publisher = {Prometheus Books},
  year = {1998},
  author = {Richard B. Brandt},
  edition = {Revised},
  month = {6},
  booktitle = {A Theory of the Good and the Right},
  isbn = {9781573922203},
  lccn = {98017904},
  pagetotal = {362},
  timestamp = {2010.10.09},
  totalpages = {362},
  url = {http://amazon.com/o/ASIN/157392220X/}
}

@MISC{erzenzinger2002conversations,
  author = {Ergenzinger, Jr., Edward R.},
  title = {Conversations With Phineas Gage: A Neuroscientific Approach to Negotiation
	Strategies},
  month = {12},
  year = {2002},
  publisher = {James Boskey {ADR} Writing Competition},
  url = {http://www.mediate.com/articles/Ergenzinger.cfm}
}

@INBOOK{Nozick1977,
  pages = {42--45},
  title = {The Experience Machine},
  publisher = {Basic Books},
  year = {1977},
  author = {Robert Nozick},
  booktitle = {Anarchy, State, And Utopia},
  file = {:http\://faculty.smu.edu/jkazez/the_experience_machine.pdf:PDF;:/home/jgross/Nozick1977.pdf:PDF},
  isbn = {9780465097203},
  lccn = {0465097200},
  pagetotal = {384},
  timestamp = {2010.10.10},
  totalpages = {384},
  url = {http://www.amazon.com/o/ASIN/0465097200/}
}

@INBOOK{PlatoCave,
  title = {The Allegory of the Cave},
  author = {Plato},
  booktitle = {The Republic},
  owner = {jgross},
  timestamp = {2010.10.11}
}

@ELECTRONIC{wiki:BrainInAVat,
  author = {Wikipedia},
  month = {9},
  year = {2010},
  title = {Brain in a vat --- {W}ikipedia{,} The Free Encyclopedia},
  url = {http://en.wikipedia.org/wiki/Brain_in_a_vat},
  timestamp = {2010.10.10}
}

@comment{jabref-meta: selector_publisher:}

@comment{jabref-meta: selector_author:}

@comment{jabref-meta: selector_journal:}

@comment{jabref-meta: selector_keywords:}

